%% This BibTeX bibliography file was created using BibDesk.
%% https://bibdesk.sourceforge.io/

%% Created for Ilana Shapiro at 2023-03-27 00:09:38 -0700 


%% Saved with string encoding Unicode (UTF-8) 



@inproceedings{Someone:13,
	address = {Paris},
	author = {A. Someone},
	booktitle = {Proceedings of the International Conference on Technologies for Music Notation and Representation (TENOR'15)},
	pages = {213--218},
	title = {{Title of a Conference Paper}},
	year = {2015}}

@article{Someone:09,
	author = {A. Someone and B. Someone and C. Someone},
	journal = {J. New Music Research},
	number = {2},
	pages = {111--222},
	title = {The title of the journal paper},
	volume = {12},
	year = {2009}}

@book{Someone:04,
	author = {X. Someone and Y. Someone},
	publisher = {Springer-Verlag},
	title = {The Title of a Book},
	year = {2004}}

@incollection{ref:4,
	author = {Al Author},
	booktitle = {{Book Title}},
	editor = {X. Editor1 and X. Editor2},
	publisher = {publisher},
	title = {{Title of a Book Chapter}},
	year = {2018}}

@misc{ref:online,
	author = {X. Author},
	title = {{This is the title of an online text reference}},
	url = {http://the-address.org},
	bdsk-url-1 = {http://the-address.org}}

@misc{bois_ribeiro_1970,
	author = {Bois, A. R. D. and Ribeiro, R.},
	journal = {undefined},
	title = {HMusic: A domain specific language for music programming and live coding: Semantic Scholar},
	url = {https://www.nime.org/proceedings/2019/nime2019_paper074.pdf},
	year = {2019},
	bdsk-url-1 = {https://www.nime.org/proceedings/2019/nime2019_paper074.pdf}}

@article{petit_serrano_2020,
	author = {Petit, Bertrand and Serrano, Manuel},
	doi = {10.22152/programming-journal.org/2021/5/2},
	journal = {The Art, Science, and Engineering of Programming},
	number = {1},
	title = {Interactive Music and Synchronous Reactive Programming},
	volume = {5},
	year = {2020},
	bdsk-url-1 = {https://doi.org/10.22152/programming-journal.org/2021/5/2}}

@article{sulyok_harte_bodo_2019,
	author = {Sulyok, Csaba and Harte, Christopher and Bod{\'o}, Zal{\'a}n},
	doi = {10.1145/3321707.3321710},
	journal = {Proceedings of the Genetic and Evolutionary Computation Conference},
	title = {On the impact of domain-specific knowledge in evolutionary music composition},
	year = {2019},
	bdsk-url-1 = {https://doi.org/10.1145/3321707.3321710}}

@article{simic_bal_dejanovic_vaderna,
	author = {Simi{\'c}, Milo{\v s} and Bal, Zeljko and Dejanovic, Igor and Vaderna, Renata},
	journal = {ResearchGate},
	publisher = {ResearchGate GmbH.},
	title = {PyTabs: A {DSL} for simplified music notation},
	url = {https://www.researchgate.net/publication/312607043_PyTabs_A_DSL_for_simplified_music_notation},
	year = {2015},
	bdsk-url-1 = {https://www.researchgate.net/publication/312607043_PyTabs_A_DSL_for_simplified_music_notation}}

@misc{janin,
	author = {Janin, David},
	journal = {Archive ouverte HAL},
	title = {A robust algebraic framework for high-level music writing},
	url = {https://hal.archives-ouvertes.fr/hal-01246584v2/document},
	year = {2016},
	bdsk-url-1 = {https://hal.archives-ouvertes.fr/hal-01246584v2/document}}

@article{delgado_fajardo_molina-solana_2009,
	author = {Delgado, Miguel and Fajardo, Waldo and Molina-Solana, Miguel},
	doi = {10.1016/j.eswa.2008.05.028},
	journal = {Expert Systems with Applications},
	number = {3},
	pages = {4574--4580},
	title = {Inmamusys: Intelligent Multiagent Music system},
	volume = {36},
	year = {2009},
	bdsk-url-1 = {https://doi.org/10.1016/j.eswa.2008.05.028}}

@misc{jones_2013,
	author = {Jones, Will},
	journal = {Imperial College London},
	publisher = {Imperial College London},
	title = {Generic Constraints for Type-Safe Embedded Programming},
	url = {https://spiral.imperial.ac.uk/bitstream/10044/1/11174/1/Jones-W-2013-PhD-Thesis.pdf},
	year = {2013},
	bdsk-url-1 = {https://spiral.imperial.ac.uk/bitstream/10044/1/11174/1/Jones-W-2013-PhD-Thesis.pdf}}

@article{echeveste_cont_giavitto_jacquemard_2013,
	author = {Echeveste, Jos{\'e} and Cont, Arshia and Giavitto, Jean-Louis and Jacquemard, Florent},
	doi = {10.1007/s10626-013-0166-2},
	journal = {Discrete Event Dynamic Systems},
	number = {4},
	pages = {343--383},
	title = {Operational semantics of a domain specific language for real time musician--computer interaction},
	volume = {23},
	year = {2013},
	bdsk-url-1 = {https://doi.org/10.1007/s10626-013-0166-2}}

@article{nishino_2012,
	author = {Nishino, Hiroki},
	doi = {10.1145/2384716.2384736},
	journal = {Proceedings of the 3rd annual conference on Systems, programming, and applications: software for humanity - SPLASH '12},
	title = {Developing a new computer music programming language in the 'research through Design' context},
	year = {2012},
	bdsk-url-1 = {https://doi.org/10.1145/2384716.2384736}}

@misc{nishino_osaka_nakatsu_2013,
	author = {Nishino, Hiroki and Osaka, Naotoshi and Nakatsu, Ryohei},
	journal = {International Computer Music Conference Proceedings},
	publisher = {Michigan Publishing, University of Michigan Library},
	title = {LC : A strongly-timed prototype-based programming language for Computer Music},
	url = {https://quod.lib.umich.edu/i/icmc/bbp2372.2013.017/1},
	year = {2013},
	bdsk-url-1 = {https://quod.lib.umich.edu/i/icmc/bbp2372.2013.017/1}}

@misc{nishino_osaka_nakatsu_2014,
	author = {Nishino, Hiroki and Osaka, Naotoshi and Nakatsu, Ryohei},
	journal = {International Computer Music Conference Proceedings},
	publisher = {Michigan Publishing, University of Michigan Library},
	title = {LC: A new computer music programming language with three core features},
	url = {https://quod.lib.umich.edu/i/icmc/bbp2372.2014.237/1},
	year = {2014},
	bdsk-url-1 = {https://quod.lib.umich.edu/i/icmc/bbp2372.2014.237/1}}

@inbook{kirke_2018,
	author = {Kirke, Alexis},
	booktitle = {Guide to unconventional computing for music},
	editor = {Miranda, Eduardo Reck},
	pages = {245--278},
	place = {Cham, Switzerland},
	publisher = {Springer International Publishing},
	title = {Toward a Musical Programming Language},
	year = {2018}}

@article{matsuura_jo_2021,
	author = {Matsuura, Tomoya and Jo, Kazuhiro},
	doi = {10.1145/3471872.3472969},
	journal = {Proceedings of the 9th ACM SIGPLAN International Workshop on Functional Art, Music, Modelling, and Design},
	title = {Mimium: A self-extensible programming language for sound and music},
	year = {2021},
	bdsk-url-1 = {https://doi.org/10.1145/3471872.3472969}}

@article{martinez_2021,
	author = {Martinez, Juan Carlos},
	doi = {10.1145/3452918.3458807},
	journal = {ACM International Conference on Interactive Media Experiences},
	month = {Jun},
	title = {Extending music notation as a programming language for interactive music},
	year = {2021},
	bdsk-url-1 = {https://doi.org/10.1145/3452918.3458807}}

@book{fowler_parsons_2011,
	author = {Fowler, Martin and Parsons, Rebecca},
	place = {Boston, MA},
	publisher = {Addison-Wesley},
	title = {Domain-specific languages},
	year = {2011}}

@misc{joury_2020,
	author = {Joury, Ari},
	journal = {Medium},
	month = {Aug},
	publisher = {Towards Data Science},
	title = {Why developers are falling in love with Functional Programming},
	url = {https://towardsdatascience.com/why-developers-are-falling-in-love-with-functional-programming-13514df4048e},
	year = {2020},
	bdsk-url-1 = {https://towardsdatascience.com/why-developers-are-falling-in-love-with-functional-programming-13514df4048e}}

@misc{gillis_lewis_2021,
	author = {Gillis, Alexander S. and Lewis, Sarah},
	journal = {SearchAppArchitecture},
	month = {Jul},
	publisher = {TechTarget},
	title = {What is object-oriented programming (OOP)?},
	url = {https://searchapparchitecture.techtarget.com/definition/object-oriented-programming-OOP},
	year = {2021},
	bdsk-url-1 = {https://searchapparchitecture.techtarget.com/definition/object-oriented-programming-OOP}}

@misc{deepsource,
	author = {DeepSource},
	journal = {DeepSource},
	publisher = {YCombinator},
	title = {Synchronous programming},
	url = {https://deepsource.io/glossary/synchronous-programming/},
	bdsk-url-1 = {https://deepsource.io/glossary/synchronous-programming/}}

@misc{wang_2008,
	author = {Wang, Ge},
	journal = {Princeton University},
	publisher = {Princeton University},
	title = {The Chuck Audio Programming Language: ``A Strongly-timed and On-the-fly Environ/mentality''},
	url = {https://www.cs.princeton.edu/~gewang/thesis.html},
	year = {2008},
	bdsk-url-1 = {https://www.cs.princeton.edu/~gewang/thesis.html}}

@article{cuadrado_izquierdo_molina_2012,
	author = {Cuadrado, Jes{\'u}s S{\'a}nchez and Izquierdo, Javier Luis and Molina, Jes{\'u}s Garc{\'\i}a},
	doi = {10.4018/978-1-4666-6042-7.ch040},
	journal = {Computational Linguistics},
	month = {Nov},
	pages = {816--838},
	title = {Comparison between internal and external DSLs via RubyTL and Gra2MoL},
	year = {2012},
	bdsk-url-1 = {https://doi.org/10.4018/978-1-4666-6042-7.ch040}}

@misc{bertram_2021,
	author = {Bertram, Adam},
	journal = {SearchITOperations},
	month = {Oct},
	publisher = {TechTarget},
	title = {What is declarative programming?},
	url = {https://www.techtarget.com/searchitoperations/definition/declarative-programming},
	year = {2021},
	bdsk-url-1 = {https://www.techtarget.com/searchitoperations/definition/declarative-programming}}

@misc{good_2013,
	author = {Good, Michael},
	journal = {MusicXML},
	month = {Apr},
	publisher = {makemusic},
	title = {MusicXML: Introduction},
	url = {https://www.musicxml.com/publications/makemusic-recordare/notation-and-analysis/introduction/},
	year = {2013},
	bdsk-url-1 = {https://www.musicxml.com/publications/makemusic-recordare/notation-and-analysis/introduction/}}

@inbook{good_2001,
	author = {Good, Michael},
	booktitle = {Proceedings of XML 2001},
	month = {Dec},
	place = {Boston},
	title = {MusicXML: An Internet-Friendly Format for Sheet Music},
	url = {https://michaelgood.info/publications/music/musicxml-an-internet-friendly-format-for-sheet-music/},
	year = {2001},
	bdsk-url-1 = {https://michaelgood.info/publications/music/musicxml-an-internet-friendly-format-for-sheet-music/}}

@inbook{nienhuys_nieuwenhuizen_2003,
	author = {Nienhuys, Han-Wen and Nieuwenhuizen, Jan},
	booktitle = {Proceedings of the XIV Colloquium on Musical Informatics (XIV CIM 2003)},
	month = {May},
	place = {Firenze, Italy},
	title = {LilyPond, A System for Automated Music Engraving},
	url = {https://citeseerx.ist.psu.edu/viewdoc/download?doi=10.1.1.100.6160&amp;rep=rep1&amp;type=pdf},
	year = {2003},
	bdsk-url-1 = {https://citeseerx.ist.psu.edu/viewdoc/download?doi=10.1.1.100.6160&amp;rep=rep1&amp;type=pdf}}

@article{mathews_1957,
 ISSN = {01489267, 15315169},
 URL = {http://www.jstor.org/stable/3679463},
 author = {C. Roads and Max Mathews},
 journal = {Computer Music Journal},
 number = {4},
 pages = {15--22},
 publisher = {The MIT Press},
 title = {Interview with Max Mathews},
 urldate = {2023-03-26},
 volume = {4},
 year = {1980}
}


